@article{Delgadillo2020,
  title = {Machine learning: A primer for psychotherapy researchers},
  volume = {31},
  ISSN = {1468-4381},
  url = {http://dx.doi.org/10.1080/10503307.2020.1859638},
  DOI = {10.1080/10503307.2020.1859638},
  number = {1},
  journal = {Psychotherapy Research},
  publisher = {Informa UK Limited},
  author = {Delgadillo,  Jaime},
  year = {2020},
  month = dec,
  pages = {1-4}
}
